@article{PXK,
  title={试论网络文化价值渗透的基本对策},
  author={彭雪开},
  journal={湘潭师范学院学报：社会科学版},
  volume={25},
  number={1},
  pages={43-46},
  year={2003},
}
@article{LYX,
	title={微博热搜中网民的价值观缺失及应对策略},
	author={刘延宣},
	journal={边疆经济与文化},
	volume={153},
	number={9},
	pages={96-97},
	year={2016},
}
@phdthesis{WN,
	author={王娜},
	title={网络文化的价值及其实现},
	school={山东大学},
	year={2009},
}
@article{TKY,
	title={网络文化价值与网民的核心价值观——以中国网民社会经验为中心},
	author={唐魁玉},
	journal={学术月刊},
	number={11},
	pages={17-24},
	year={2012},
}

@book{CZL,
	author    = {陈章龙，周莉},
	title     = {价值观研究},
	publisher = {南京：南京师范大学出版社},
	isbn      = {7-81101-139-5/B·28},
	year      = {2004},
}

@article{LJY,
	title={网络文化时代的大学生责任教育},
	author={李金玉},
	journal={学校党建与思想教育},
	number={1},
	pages={61-62},
	year={2015},
}

@article{MST,
	title={社会主义先进文化理念下的网络文化建设},
	author={毛圣泰},
	journal={法制与经济},
	year={2007},
}

@article{YWG,
	title={面对网络文化挑战的思考},
	author={颜伟光},
	journal={经济师},
	number={10},
	pages={46-47},
	year={2007},
}

@article{HZF,
	title={网络车系争论背后的网民价值观反思},
	author={何正付},
	journal={清远职业技术学院学报},
	volume={v.11；No.59},
	number={3},
	pages={83-86},
	year={2018},
}