@article{TZY,
author={唐郑熠 and 李祥},
title={Dolev-Yao攻击者模型的形式化描述},
journal={计算机工程与科学},
year={2010},
volume={32},
number={8},
pages={36-38,45},
month={11},
}

@article{CXF,
author={陈雪飞},
title={应试教育背景下大学生学习心理分析},
journal={校园心理},
year={2019},
volume={17},
number={3},
pages={210-212},
month={6},
}

@article{XQ,
author={肖琴},
title={浅谈应试教育的弊端及反思},
journal={长江丛刊},
year={2019},
number={17},
pages={141-142},
month={8},
}

@article{LHL,
author={李红丽},
title={浅谈高中应试教育和素质教育的对立统一},
journal={考试周刊},
year={2019},
number={30},
pages={20},
month={5},
}
@article{LGD,
author={李桂东 and 陈敏},
title={论社会流动机制与中国应试教育},
journal={才智},
year={2019},
number={17},
pages={88-89},
month={6},
}

@article{MYB,
author={马云波 and 王凤娟},
title={浅析国民素质与经济发展的辩证关系},
journal={新商务周刊},
year={2018},
number={8},
pages={4},
month={7},
}



